% This file was created with JabRef 2.10.
% Encoding: Cp1252


@Article{Zaritsky2016,
  Title                    = {{Cell biologists should specialize, not hybridize}},
  Author                   = {Assaf Zaritsky},
  Journal                  = {Nature},
  Year                     = {2016},
  Volume                   = {535},
  Pages                    = {325}
}

@Article{Cardona2012,
  Title                    = {{Current challenges in open-source bioimage informatics}},
  Author                   = {Albert Cardona and Pavel Tomancak},
  Journal                  = {Nat Meth},
  Year                     = {2012},
  Volume                   = {9},
  Pages                    = {661-665}
}

@article{Attwood2017,
author = {Attwood, Teresa K. and Blackford, Sarah and Brazas, Michelle D. and Davies, Angela and Schneider, Maria Victoria},
title = {A global perspective on evolving bioinformatics and data science training needs},
journal = {Brief Bioinform},
year = {2017}
}


@techreport{bbsrc2018,
  Title                    = {{Strategic Review of Bioimaging}},
  Author                   = {BBSRC},
  Year                     = {2018},
  type = {Strategic Review}
}
